@misc{wikigmp,
    title={GNU Multiple Precision Arithmetic Library},
    howpublished={\url{https://en.wikipedia.org/wiki/GNU_Multiple_Precision_Arithmetic_Library}},
    year={2016},
}

@manual{gmplib2014,
    title = {GNU MP: The GNU Multiple Precision Arithmetic Library},
    author = {Torbj ̈orn Granlund and the GMP development team},
    year = {2014},
    volume = {141},
    howpublished={\url{https://gmplib.org/gmp-man-6.0.0a.pdf}},
    pages = {95 - 97},
}

@manual{gmplibmultiplication,
    title = {Multiplication-Algorithms},
    howpublished={\url{https://gmplib.org/manual/Multiplication-Algorithms.html#Multiplication-Algorithms}},
    year={2016},
}

@manual{gmplibkaratsuba,
    title = {Multiplication-Karatsuba},
    howpublished={\url{https://gmplib.org/manual/Karatsuba-Multiplication.html}},
    year={2016},
}

@manual{gmplibtoom4,
    title = {Toom 4-Way Multiplication},
    howpublished={\url{https://gmplib.org/manual/Toom-4_002dWay-Multiplication.html#Toom-4_002dWay-Multiplication}},
    year={2016},
}

@manual{gmplibtoomhalf,
    title = {Higher degree Toom’n’half},
    howpublished={\url{https://gmplib.org/manual/Higher-degree-Toom_0027n_0027half.html#Higher-degree-Toom_0027n_0027half}},
    year={2016},
}

@misc{wikitoom3,
    title = {Toom–Cook multiplication},
    howpublished={\url{https://en.wikipedia.org/wiki/Toom–Cook_multiplication}},
    year={2016},
}

@misc{wikiamodulaire,
    title = {Arithmétique modulaire},
    howpublished={\url{https://fr.wikipedia.org/wiki/Arithmétique_modulaire}},
    year={2017},
}

@misc{wikimultiprecision,
    title = {Arithmétique multiprécision},
    howpublished={\url{https://fr.wikipedia.org/wiki/Arithmétique_multiprécision}},
    year={2016},
}

@misc{wikicomplementtwo,
    title = {Complément à deux},
    howpublished={\url{https://fr.wikipedia.org/wiki/Complément_à_deux}},
    year={2016},
}

@misc{wikialu,
    title = {Arithmetic logic unit},
    howpublished={\url{https://en.wikipedia.org/wiki/Arithmetic_logic_unit#Circuit_operation}},
    year={2017},
}

@article{djguan2003montgomery,
    title = {Montgomery Algorithm for Modular Multiplication},
    author = {Professor Dr. D.J.Guan},
    year = {2003},
    volume = {3},
    howpublished={\url{http://guan.cse.nsysu.edu.tw/note/montg.pdf}},
}

@article{nayuki2016monthomery,
    title = {Montgomery reduction algorithm},
    author = {Nayuki},
    year = {2016-06-13},
    howpublished={\url{https://www.nayuki.io/page/montgomery-reduction-algorithm}},
}

@book{menezes1996crypto,
    title = {Handbook of Applied Cryptography},
    author = {A. Menezes, P. van Oorschot, S. Vanstone},
    year = {1996},
    pages = {600 - 603},
    howpublished={\url{http://cacr.uwaterloo.ca/hac/about/chap14.pdf}},
    publisher={CRC Press}
}

@book {knuth1997aocp,
    title = {The Art of Computer Programming},
    volume = {2},
    author = {D.Knuth},
    year = {1997},
    pages = {250},
    publisher={Addison Wesley},
}
